@ARTICLE{8603781,
author={C. {Ning} and F. {You}},
journal={IEEE Transactions on Power Systems},
title={Data-Driven Adaptive Robust Unit Commitment Under Wind Power Uncertainty: A Bayesian Nonparametric Approach},
year={2019},
volume={34},
number={3},
pages={2409-2418},
keywords={Bayes methods;mixture models;optimisation;power generation dispatch;power generation economics;power generation scheduling;principal component analysis;set theory;wind power;wind power plants;wind power forecast errors;problem size;data-driven adaptive robust unit commitment;wind power uncertainty;novel data-driven adaptive robust optimization framework;smart grids;Dirichlet process mixture model;basic uncertainty sets;uncertainty set;data-driven adaptive robust UC problem;four-level optimization problem;decomposition-based algorithm;Bayesian nonparametric approach;data-driven uncertainty set;operational cost reduction;principal component analysis;kernel smoothing;data-driven ARO method;IEEE 118-bus system;Uncertainty;Wind power generation;Generators;Optimization;Wind forecasting;Power transmission lines;Data-driven optimization;Dirichlet process mixture model;renewable energy;uncertainty;unit commitment},
doi={10.1109/TPWRS.2019.2891057},
ISSN={1558-0679},
month={May},} 


@ARTICLE{8598895,
author={S. {Babaei} and C. {Zhao} and L. {Fan}},
journal={IEEE Transactions on Power Systems},
title={A Data-Driven Model of Virtual Power Plants in Day-Ahead Unit Commitment},
year={2019},
volume={34},
number={6},
pages={5125-5135},
keywords={distributed power generation;power generation dispatch;power generation economics;power generation scheduling;power markets;stochastic programming;wind power plants;wholesale market;single entity;VPP;DER outputs;independent system operator;day-ahead unit commitment engine;ramping capabilities;wind power output;distributionally robust optimization approach;data-driven model;virtual power plant;distributed energy resources;DERs;power system operators;valuable services;Generators;Electricity supply industry;Load modeling;Probability distribution;Uncertainty;Power generation;Optimization;Electricity market;virtual power plant;distributionally robust optimization},
doi={10.1109/TPWRS.2018.2890714},
ISSN={1558-0679},
month={Nov},}

@ARTICLE{8532315,
author={J. {Zou} and S. {Ahmed} and X. A. {Sun}},
journal={IEEE Transactions on Power Systems},
title={Multistage Stochastic Unit Commitment Using Stochastic Dual Dynamic Integer Programming},
year={2019},
volume={34},
number={3},
pages={1814-1823},
keywords={decomposition;integer programming;power generation dispatch;power generation planning;power generation scheduling;stochastic processes;stochastic programming;daily generation commitment;mixed-integer optimization problem;multistage stochastic programming model;stochastic dual dynamic integer programming;multistage stochastic unit commitment problem;commitment scheduling;power systems;two-stage decision structure;decomposition algorithm;SDDiP;MSUC problem;Stochastic processes;Uncertainty;Dynamic programming;Computational modeling;Heuristic algorithms;Adaptation models;Linear programming;Unit commitment;multistage stochastic integer programming;stochastic dual dynamic integer programming},
doi={10.1109/TPWRS.2018.2880996},
ISSN={1558-0679},
month={May},}

@ARTICLE{8449104,
author={E. {Du} and N. {Zhang} and B. {Hodge} and Q. {Wang} and Z. {Lu} and C. {Kang} and B. {Kroposki} and Q. {Xia}},
journal={IEEE Transactions on Power Systems},
title={Operation of a High Renewable Penetrated Power System With CSP Plants: A Look-Ahead Stochastic Unit Commitment Model},
year={2019},
volume={34},
number={1},
pages={140-151},
keywords={optimisation;power generation dispatch;power generation economics;power generation scheduling;power markets;solar power stations;thermal energy storage;wind power plants;high renewable penetrated power system;CSP plants;look-ahead stochastic unit commitment model;variable renewable energy generation;wind power;solar photovoltaic;power system operation;VRE techniques;solar power;thermal energy storage;power systems;high renewable energy penetration;operational decisions;day-ahead framework;expected generation cost;look-ahead operation;future operating days;VRE generation;modified IEEE RTS-79 system;renewable generation technology;Power systems;Renewable energy sources;Stochastic processes;Energy storage;Thermal energy;Uncertainty;Resistance heating;Concentrating solar power;energy storage;high share of renewable energy;operational flexibility;stochastic unit commitment},
doi={10.1109/TPWRS.2018.2866486},
ISSN={1558-0679},
month={Jan},}

@ARTICLE{8428456,
author={A. {Gupta} and C. L. {Anderson}},
journal={IEEE Transactions on Power Systems},
title={Statistical Bus Ranking for Flexible Robust Unit Commitment},
year={2019},
volume={34},
number={1},
pages={236-245},
keywords={power generation dispatch;power generation economics;power generation scheduling;stochastic processes;statistical bus ranking;flexible robust unit commitment;statistical ranking methodology;adaptive robust stochastic unit commitment;modular structure;worst-case metric;alternative metrics;economic dispatch cost;customized robust unit commitment solution;statistical tools;bus ranking formulation;power systems network;bus ranking method;IEEE-30 networks;IEEE-118 networks;pegase-1354 networks;uncertainty set;most critical buses;uncertain renewable capacity;Robustness;Uncertainty;Biological system modeling;Computational modeling;Power systems;Economics;Optimization;Robust unit commitment;bus ranking;flexible ramping;bootstrap aggregation;customizability;parallelizable},
doi={10.1109/TPWRS.2018.2864131},
ISSN={1558-0679},
month={Jan},}
